<?xml version="1.0" encoding="utf-8"?>
<record xmlns="http://www.loc.gov/MARC21/slim" xmlns:xsi="http://www.w3.org/2001/XMLSchema-instance" xsi:schemaLocation="http://www.loc.gov/MARC21/slim http://www.loc.gov/standards/marcxml/schema/MARC21slim.xsd">
	<leader>     nam a22        4500</leader>
	<controlfield tag="001">3071379</controlfield>
	<controlfield tag="003">NNC</controlfield>
	<controlfield tag="006">m        d        </controlfield>
	<controlfield tag="007">cr cn |||m|||a</controlfield>
	<controlfield tag="008">150603s1964    iq h    ob    000 0 arard</controlfield>
	<datafield ind1=" " ind2=" " tag="040">
		<subfield code="a">NNU</subfield>
		<subfield code="b">eng</subfield>
		<subfield code="e">rda</subfield>
		<subfield code="c">NNU</subfield>
	</datafield>
	<datafield ind1=" " ind2=" " tag="043">
		<subfield code="a">aw-----</subfield>
		<subfield code="a">ff-----</subfield>
	</datafield>
	<datafield ind1="0" ind2="4" tag="050">
		<subfield code="a">JC393.A3</subfield>
		<subfield code="b">K5</subfield>
	</datafield>
	<datafield ind1=" " ind2=" " tag="084">
		<subfield code="a">EN 2830</subfield>
		<subfield code="2">rvk</subfield>
	</datafield>
	<datafield ind1="1" ind2=" " tag="100">
		<subfield code="6">880-01</subfield>
		<subfield code="a">Iskāfī, Muḥammad ibn ʻAbd Allāh,</subfield>
		<subfield code="d">-1029.</subfield>
	</datafield>
	<datafield ind1="1" ind2="0" tag="240">
		<subfield code="6">880-02</subfield>
		<subfield code="a">Luṭf al-tadbīr</subfield>
	</datafield>
	<datafield ind1="1" ind2="0" tag="245">
		<subfield code="6">880-03</subfield>
		<subfield code="a">Kitāb luṭf al-tadbīr /</subfield>
		<subfield code="c">li-Muḥammad ibn ʻAbd Allāh al- Khaṭīb al-Iskāfī ; ḥaqqaqahu wa-ʻallaqa ʻalayhi Aḥmad ʻAbd al-Bāqī.</subfield>
	</datafield>
	<datafield ind1="1" ind2="8" tag="246">
		<subfield code="6">880-04</subfield>
		<subfield code="a">Luṭf al-tadbīr</subfield>
	</datafield>
	<datafield ind1=" " ind2=" " tag="260">
		<subfield code="6">880-05</subfield>
		<subfield code="a">Baghdād :</subfield>
		<subfield code="b">Maktabat al-Muthanná :</subfield>
		<subfield code="b">al-Qāhirah :</subfield>
		<subfield code="b">Maktabah al-Khānjī,</subfield>
		<subfield code="c">1964.</subfield>
	</datafield>
	<datafield ind1=" " ind2=" " tag="300">
		<subfield code="a">online resource (237 pages) :</subfield>
		<subfield code="b">facsimiles</subfield>
	</datafield>
	<datafield ind1=" " ind2=" " tag="336">
		<subfield code="a">text</subfield>
		<subfield code="2">rdacontent</subfield>
	</datafield>
	<datafield ind1=" " ind2=" " tag="337">
		<subfield code="a">computer</subfield>
		<subfield code="2">rdamedia</subfield>
	</datafield>
	<datafield ind1=" " ind2=" " tag="338">
		<subfield code="a">online resource</subfield>
		<subfield code="2">rdacarrier</subfield>
	</datafield>
	<datafield ind1=" " ind2=" " tag="500">
		<subfield code="a">Spine title: Luṭf al-tadbīr.</subfield>
	</datafield>
	<datafield ind1=" " ind2=" " tag="500">
		<subfield code="a">Part of the Arabic Collections Online (ACO) project, contributed by Columbia University Libraries.</subfield>
	</datafield>
	<datafield ind1=" " ind2=" " tag="504">
		<subfield code="a">Includes bibliographical references (pages 231-237).</subfield>
	</datafield>
	<datafield ind1=" " ind2=" " tag="533">
		<subfield code="a">Electronic reproduction.</subfield>
		<subfield code="b">New York, N.Y. :</subfield>
		<subfield code="c">New York University,</subfield>
		<subfield code="d">2015.</subfield>
		<subfield code="5">NNU</subfield>
	</datafield>
	<datafield ind1=" " ind2="0" tag="651">
		<subfield code="a">Islamic Empire</subfield>
		<subfield code="x">Kings and rulers.</subfield>
	</datafield>
	<datafield ind1=" " ind2="7" tag="650">
		<subfield code="a">Kings and rulers.</subfield>
		<subfield code="2">fast</subfield>
		<subfield code="0">(OCoLC)fst00987694</subfield>
	</datafield>
	<datafield ind1=" " ind2="7" tag="651">
		<subfield code="a">Islamic Empire.</subfield>
		<subfield code="2">fast</subfield>
		<subfield code="0">(OCoLC)fst01244134</subfield>
	</datafield>
	<datafield ind1="1" ind2=" " tag="700">
		<subfield code="6">880-06</subfield>
		<subfield code="a">ʻAbd al-Bāqī, Aḥmad.</subfield>
	</datafield>
	<datafield ind1="2" ind2=" " tag="710">
		<subfield code="a">Columbia University.</subfield>
		<subfield code="b">Libraries.</subfield>
	</datafield>
	<datafield ind1="0" ind2=" " tag="730">
		<subfield code="a">Arabic Collections Online.</subfield>
	</datafield>
	<datafield ind1="0" ind2="8" tag="776">
		<subfield code="i">Online version:</subfield>
		<subfield code="a">Iskāfī, Muḥammad ibn ʻAbd Allāh, -1029.</subfield>
		<subfield code="t">Kitāb luṭf al-tadbīr.</subfield>
		<subfield code="d">Baghdād : Maktabat al-Muthanná : al-Qāhirah : Maktabah al-Khānjī, 1964</subfield>
		<subfield code="w">(OCoLC)652331671</subfield>
	</datafield>
	<datafield ind1="0" ind2="8" tag="776">
		<subfield code="i">Print version:</subfield>
		<subfield code="a">Iskāfī, Muḥammad ibn ʻAbd Allāh, -1029.</subfield>
		<subfield code="t">Kitāb luṭf al-tadbīr</subfield>
		<subfield code="w">(NNC)3071379</subfield>
		<subfield code="w">(DLC)ne 65000941 </subfield>
		<subfield code="w">(OCoLC)31054646</subfield>
	</datafield>
	<datafield ind1="4" ind2="0" tag="856">
		<subfield code="u">http://hdl.handle.net/2333.1/7m0cg123</subfield>
	</datafield>
	<datafield ind1="1" ind2=" " tag="880">
		<subfield code="6">100-01/r</subfield>
		<subfield code="a">إسكافي، محمد بن عبد الله،,</subfield>
		<subfield code="d">-1029.</subfield>
	</datafield>
	<datafield ind1="1" ind2="0" tag="880">
		<subfield code="6">240-02/r</subfield>
		<subfield code="a">لطف التدبير</subfield>
	</datafield>
	<datafield ind1="1" ind2="0" tag="880">
		<subfield code="6">245-03/r</subfield>
		<subfield code="a">كتاب لطف التدبير /</subfield>
		<subfield code="c">لمحمد بن عبد الله الخطيب الإسكافي ؛ حققه وعلق عليه أحمد عبد الباقي.</subfield>
	</datafield>
	<datafield ind1="1" ind2="8" tag="880">
		<subfield code="6">246-04/r</subfield>
		<subfield code="a">لطف التدبير</subfield>
	</datafield>
	<datafield ind1=" " ind2=" " tag="880">
		<subfield code="6">260-05/r</subfield>
		<subfield code="a">بغداد :</subfield>
		<subfield code="b">مكتبة المثنى ؛</subfield>
		<subfield code="b">القاهرة :</subfield>
		<subfield code="b">مكتبة الخانجي،</subfield>
		<subfield code="c">1964.</subfield>
	</datafield>
	<datafield ind1="1" ind2=" " tag="880">
		<subfield code="6">700-06/r</subfield>
		<subfield code="a">عبد الباقي، أحمد.</subfield>
	</datafield>
	<datafield ind1=" " ind2=" " tag="959">
		<subfield code="a">NNU</subfield>
		<subfield code="b">WEB</subfield>
		<subfield code="c">GENI</subfield>
		<subfield code="t">0</subfield>
		<subfield code="m">Electronic access</subfield>
		<subfield code="s">01</subfield>
	</datafield>
	<datafield ind1=" " ind2=" " tag="999">
		<subfield code="i">NNC_3071379</subfield>
		<subfield code="o">(OCoLC)ocm31054646 </subfield>
		<subfield code="s">columbia_aco000798</subfield>
	</datafield>
</record>
